@BOOK{Wilson2002,
  AUTHOR =       {Wilson de Padua Páula Filho},
  TITLE =        {Engenharia de Software: Fundamentos, Métodos e Padrões},
  PUBLISHER =    {LTC editora},
  YEAR =         {2002},
  edition =      {Segunda edição}
}
